<record><leader>00000cas a2200000 a 4500</leader><controlfield tag="001">66391236</controlfield><controlfield tag="008">060412c20069999akuer ne      0   a0eng c</controlfield><datafield ind1=" " ind2=" " tag="010"><subfield code="a">sn2006058073</subfield></datafield><datafield ind1=" " ind2=" " tag="040"><subfield code="a">ALK</subfield><subfield code="b">eng</subfield><subfield code="c">ALK</subfield><subfield code="d">DLC</subfield><subfield code="d">OCLCQ</subfield><subfield code="d">OCLCO</subfield></datafield><datafield ind1="1" ind2=" " tag="029"><subfield code="a">AU@</subfield><subfield code="b">000040191440</subfield></datafield><datafield ind1=" " ind2=" " tag="042"><subfield code="a">pcc</subfield></datafield><datafield ind1=" " ind2=" " tag="043"><subfield code="a">n-us-ak</subfield></datafield><datafield ind1="0" ind2="0" tag="245"><subfield code="a">Copper River record.</subfield></datafield><datafield ind1=" " ind2=" " tag="260"><subfield code="a">Glennallen, AK :</subfield><subfield code="b">M. Odden,</subfield><subfield code="c">2006-</subfield></datafield><datafield ind1=" " ind2=" " tag="300"><subfield code="a">v.</subfield></datafield><datafield ind1=" " ind2=" " tag="310"><subfield code="a">Biweekly</subfield></datafield><datafield ind1="0" ind2=" " tag="362"><subfield code="a">Vol. 18, issue no. 19 (Jan. 4, 2006)-</subfield></datafield><datafield ind1=" " ind2=" " tag="588"><subfield code="a">Latest issue consulted: Vol. 18, issue no. 24 (Mar. 15, 2006).</subfield></datafield><datafield ind1=" " ind2="0" tag="651"><subfield code="a">Native Village of Kluti Kaah</subfield><subfield code="v">Newspapers.</subfield></datafield><datafield ind1=" " ind2=" " tag="752"><subfield code="a">United States</subfield><subfield code="b">Alaska</subfield><subfield code="d">Copper Center.</subfield></datafield><datafield ind1="0" ind2="0" tag="780"><subfield code="t">Copper Valley bi-weekly</subfield><subfield code="w">(DLC)sn2002058000</subfield><subfield code="w">(OCoLC)48686444</subfield></datafield></record>